@article{munz2000divergence,
  title={Divergence correction techniques for Maxwell solvers based on a hyperbolic model},
  author={Munz, C-D and Omnes, Pascal and Schneider, Rudolf and Sonnendr{\"u}cker, Eric and Voss, Ursula},
  journal={Journal of Computational Physics},
  volume={161},
  number={2},
  pages={484--511},
  year={2000},
  publisher={Elsevier}
}
@inproceedings{augonnet2012starpu,
  title={StarPU-MPI: Task programming over clusters of machines enhanced with accelerators},
  author={Augonnet, C{\'e}dric and Aumage, Olivier and Furmento, Nathalie and Namyst, Raymond and Thibault, Samuel},
  booktitle={European MPI Users' Group Meeting},
  pages={298--299},
  year={2012},
  organization={Springer}
}
@article{augonnet2011starpu,
  title={StarPU: a unified platform for task scheduling on heterogeneous multicore architectures},
  author={Augonnet, C{\'e}dric and Thibault, Samuel and Namyst, Raymond and Wacrenier, Pierre-Andr{\'e}},
  journal={Concurrency and Computation: Practice and Experience},
  volume={23},
  number={2},
  pages={187--198},
  year={2011},
  publisher={Wiley Online Library}
}
@incollection{helluy2016asynchronous,
  title={Asynchronous OpenCL/MPI numerical simulations of conservation laws},
  author={Helluy, Philippe and Strub, Thomas and Massaro, Michel and Roberts, Malcolm},
  booktitle={Software for Exascale Computing-SPPEXA 2013-2015},
  pages={547--565},
  year={2016},
  publisher={Springer}
}
@article{geuzaine2009gmsh,
  title={Gmsh: A 3-D finite element mesh generator with built-in pre-and post-processing facilities},
  author={Geuzaine, Christophe and Remacle, Jean-Fran{\c{c}}ois},
  journal={International journal for numerical methods in engineering},
  volume={79},
  number={11},
  pages={1309--1331},
  year={2009},
  publisher={Wiley Online Library}
}

