@article{cabel2011multi,
  title={Multi-GPU acceleration of a DGTD method for modeling human exposure to electromagnetic waves},
  author={Cabel, Tristan and Charles, Joseph and Lanteri, Stephane},
  year={2011}
}

@article{CFP06,
  title={A spatial high-order hexahedral discontinuous Galerkin method to solve Maxwell's equations in time domain},
  author={Cohen, Gary and Ferrieres, Xavier and Pernet, S{\'e}bastien},
  journal={Journal of Computational Physics},
  volume={217},
  number={2},
  pages={340--363},
  year={2006},
  publisher={Elsevier}
}

@article{helluy2014two,
  title={Two-fluid compressible simulations on GPU cluster},
  author={Helluy, Philippe and Jung, Jonathan},
  year={2014}
}

@article{massaro2013numerical,
  title={Numerical simulation for the MHD system in 2D using OpenCL},
  author={Massaro, Michel and Helluy, Philippe and Loechner, Vincent},
  year={2013}
}

@article{ruetsch2009optimizing,
  title={Optimizing matrix transpose in CUDA},
  author={Ruetsch, Greg and Micikevicius, Paulius},
  journal={Nvidia CUDA SDK Application Note},
  year={2009}
}

@article{aubert2010reionization,
  title={Reionization simulations powered by graphics processing units. I. On the structure of the ultraviolet radiation field},
  author={Aubert, Dominique and Teyssier, Romain},
  journal={The Astrophysical Journal},
  volume={724},
  number={1},
  pages={244},
  year={2010},
  publisher={IOP Publishing}
}

@article{michea2010accelerating,
  title={Accelerating a three-dimensional finite-difference wave propagation code using GPU graphics cards},
  author={Mich{\'e}a, David and Komatitsch, Dimitri},
  journal={Geophysical Journal International},
  volume={182},
  number={1},
  pages={389--402},
  year={2010},
  publisher={Oxford University Press}
}

@article{tang1993hermite,
  title={The Hermite spectral method for Gaussian-type functions},
  author={Tang, Tao},
  journal={SIAM Journal on Scientific Computing},
  volume={14},
  number={3},
  pages={594--606},
  year={1993},
  publisher={SIAM}
}

@article{schumer1998vlasov,
  title={Vlasov simulations using velocity-scaled Hermite representations},
  author={Schumer, Joseph W and Holloway, James Paul},
  journal={Journal of Computational Physics},
  volume={144},
  number={2},
  pages={626--661},
  year={1998},
  publisher={Elsevier}
}

@article{despres2012reduced,
  title={Reduced resistive MHD in Tokamaks with general density},
  author={Despr{\'e}s, Bruno and Sart, R{\'e}my},
  journal={ESAIM: Mathematical Modelling and Numerical Analysis},
  volume={46},
  number={05},
  pages={1081--1106},
  year={2012},
  publisher={Cambridge Univ Press}
}

@article{le2006numerical,
  title={Numerical solution of the Vlasov--Poisson system using generalized Hermite functions},
  author={Le Bourdiec, S and De Vuyst, F and Jacquet, L},
  journal={Computer physics communications},
  volume={175},
  number={8},
  pages={528--544},
  year={2006},
  publisher={Elsevier}
}

@article{tang1992spectral,
  title={A spectral method for the numerical solutions of a kinetic equation describing the dispersion of small particles in a turbulent flow},
  author={Tang, Tao and McKee, S and Reeks, MW},
  journal={Journal of computational physics},
  volume={103},
  number={2},
  pages={222--230},
  year={1992},
  publisher={Elsevier}
}

@article{armstrong1967numerical,
  title={Numerical studies of the nonlinear Vlasov equation},
  author={Armstrong, Thomas P},
  journal={Physics of Fluids (1958-1988)},
  volume={10},
  number={6},
  pages={1269--1280},
  year={1967},
  publisher={AIP Publishing}
}
@article{helluy2014reduced,
  title={Reduced Vlasov-Maxwell simulations},
  author={Helluy, Philippe and Navoret, Laurent and Pham, Nhung and Crestetto, Ana{\"\i}s},
  journal={Comptes Rendus M{\'e}canique},
  volume={342},
  number={10-11},
  pages={619--635},
  year={2014},
  publisher={Elsevier}
}
@article{pham2013space,
  title={Space-only hyperbolic approximation of the Vlasov equation},
  author={Pham, Nhung and Helluy, Philippe and Crestetto, Ana{\"\i}s},
  journal={ESAIM: Proceedings},
  volume={43},
  pages={17--36},
  year={2013},
  publisher={EDP Sciences}
}

@inproceedings{pham2014hyperbolic,
  title={Hyperbolic approximation of the fourier transformed vlasov equation},
  author={Pham, Nhung and Helluy, Philippe and Navoret, Laurent},
  booktitle={ESAIM: Proceedings and Surveys, Congr{\'e}s SMAI, Seignosse, 27-31 mai 2013},
  volume={45},
  pages={379--389},
  year={2014},
  organization={EDP Sciences}
}

