@article{cuda1,
	author = "Ruetsch, G. and Micikevicius, P.",
	title = "Optimizing Matrix Transpose in CUDA",
    	journal = "NVIDIA GPU Computing SDK",
    	volume = "",
	number = "",
	pages = "1-24",
    	year = "2009"
}

@article{david,
	author = "Aubert, D. and Amini, M. and David, R.",
	title = "A {P}article-{M}esh {I}ntegrator for {G}alactic {D}ynamics {P}owered by {G}{P}{G}{P}{U}s",
    	journal = "Lecture Notes in Computer Science",
    	volume = "5544",
	number = "",
	pages = "874--883",
    	year = "2009"
}%ok

@article{michea2010accelerating,
  title={Accelerating a three-dimensional finite-difference wave propagation code using GPU graphics cards},
  author={Mich{\'e}a, David and Komatitsch, Dimitri},
  journal={Geophysical Journal International},
  volume={182},
  number={1},
  pages={389--402},
  year={2010},
  publisher={Oxford University Press}
}

@book{birdsall,
	author = "C.K. Birdsall and A.B. Langdon",
	title = "Plasma {P}hysics via {C}omputer {S}imulation",
    	publisher = "Institute of Physics (IOP), Series in Plasma Physics",
    	year = "1991"
}%ok

@article{bourdel-helluy-mazet-1992,
	author = "Bourdel, F. and Mazet, P. A. and Helluy, P.",
	title = "Resolution of the non-stationary or harmonic {M}axwell equations by a discontinuous finite element method. {A}pplication to an {E}.{M}.{I}. (electromagnetic impulse) case",
    	journal = "Proceedings of the 10th international conference on computing methods in applied sciences and engineering",
    	volume = "",
	number = "",
	pages = "405--422",
    	year = "1992"
}%ok

@article{ferriere-2006,
	author = "Cohen, G. and Ferrieres, X. and Pernet, S.",
	title = "A spatial high-order hexahedral discontinuous {G}alerkin method to solve {M}axwell's equations in time domain",
    	journal = "Journal of Computational Physics",
    	volume = "217",
	number = "2",
	pages = "340--363",
    	year = "2006"
}%ok

@incollection {crestetto-vlasov-gpu-cemracs2011,
    AUTHOR = {Crestetto, A. and Helluy, P.},
     TITLE = {Resolution of the {V}lasov-{M}axwell system by {PI}
              discontinuous {G}alerkin method on {GPU} with {O}pen{CL}},
 BOOKTITLE = {C{EMRACS}'11: {M}ultiscale coupling of complex models in
              scientific computing},
    SERIES = {ESAIM Proc.},
    VOLUME = {38},
     PAGES = {257--274},
 PUBLISHER = {EDP Sci., Les Ulis},
      YEAR = {2012},
   MRCLASS = {78A35 (65M60 65Y10 78M10 82D10)},
  MRNUMBER = {3006546},
MRREVIEWER = {JiChun Li},
}
		
@incollection {MR2768086,
    AUTHOR = {Altmann, C. and Belat, T. and Gutnic, M. and
              Helluy, P. and Mathis, H. and
              Sonnendr{\"u}cker, {\'E}. and Angulo, W. and
              H{\'e}rard, J.-M.},
     TITLE = {A local time-stepping discontinuous {G}alerkin algorithm for
              the {MHD} system},
 BOOKTITLE = {C{EMRACS} 2008---{M}odelling and numerical simulation of
              complex fluids},
    SERIES = {ESAIM Proc.},
    VOLUME = {28},
     PAGES = {33--54},
PUBLISHER = {EDP Sci., Les Ulis},
      YEAR = {2009},
   MRCLASS = {76W05 (65M60 76M10)},
  MRNUMBER = {2768086 (2011k:76104)},
       DOI = {10.1051/proc/2009038},
       URL = {http://dx.doi.org/10.1051/proc/2009038},
}

@PhDThesis{crestetto-these-2012,
	title = "Optimisation de m{\'e}thodes num{\'e}riques pour la physique des plasmas. Application aux faisceaux de particules charg{\'e}es",
	author = "Crestetto, A.",
	school = "Universit{\'e} de Strasbourg",
	year = "2012"
}% ok

@PhDThesis{helluy-these-1994,
	title = "R{\'e}solution num{\'e}rique des {\'e}quations de Maxwell harmoniques par une m{\'e}thode d'{\'e}l{\'e}ments finis discontinus. PhD, Sup'a{\'e}ro, 1994.",
	author = "Helluy, P.",
	school = "Sup'a{\'e}ro",
	year = "1994",
 url = {http://tel.archives-ouvertes.fr/tel-00657828}
}% ok

@article {mouysset-2012,
    AUTHOR = {Fornet, B. and Mouysset, V. and
              Rodr{\'{\i}}guez-Ar{\'o}s, {\'A}.},
     TITLE = {Mathematical study of a hyperbolic regularization to ensure
              {G}auss's law conservation in {M}axwell-{V}lasov applications},
   JOURNAL = {Math. Models Methods Appl. Sci.},
  FJOURNAL = {Mathematical Models and Methods in Applied Sciences},
    VOLUME = {22},
      YEAR = {2012},
    NUMBER = {4},
     PAGES = {1150020, 28},
      ISSN = {0218-2025},
   MRCLASS = {35Q61 (35B30 78A25)},
  MRNUMBER = {2902152},
MRREVIEWER = {Rainer Picard},
       DOI = {10.1142/S0218202511500205},
       URL = {http://dx.doi.org/10.1142/S0218202511500205},
}

%% hal-00797974, version 1
%% http://hal.archives-ouvertes.fr/hal-00797974
@article{pham-helluy-hyperbolic-vlasov-2013,
    hal_id = {hal-00797974},
    url = {http://hal.archives-ouvertes.fr/hal-00797974},
    title = {{Space-only hyperbolic approximation of the Vlasov equation}},
    author = {Helluy, P. and Pham, N. and Crestetto, A.},
    pages = {17-36},
    journal = {ESAIM: Proceedings},
    volume = {43},
    doi = {10.1051/proc/201343002 },
    year = {2013},
    pdf = {http://hal.archives-ouvertes.fr/hal-00797974/PDF/vlasov-hyper.pdf},
}

%% hal-00759131, version 1
%% http://hal.archives-ouvertes.fr/hal-00759131
@article{crestetto:hal-00759131,
    hal_id = {hal-00759131},
    url = {http://hal.archives-ouvertes.fr/hal-00759131},
    title = {{Numerical resolution of conservation laws with OpenCL}},
    author = {Crestetto, A. and Helluy, P. and Jung, J.},
    pages = {51-62},
    journal = {ESAIM: Proceedings},
    volume = {40},
    doi = {10.1051/proc/201340004 },
    year = {2013},
    pdf = {http://hal.archives-ouvertes.fr/hal-00759131/PDF/esaim-opencl.pdf},
}


%% hal-00872972, version 1
%% http://hal.archives-ouvertes.fr/hal-00872972
@unpublished{helluy-navoret-pham-2014,
    hal_id = {hal-00872972},
    url = {http://hal.archives-ouvertes.fr/hal-00872972},
    title = {{Hyperbolic approximation of the Fourier transformed Vlasov equation}},
    author = {Helluy, P. and Pham, N. and Navoret, L.},
    note = {http://hal.archives-ouvertes.fr/hal-00872972/PDF/pham\_helluy\_proceeding\_smai\_2013.pdf},
    year= {2014}
}

%% hal-00957045, version 1
%% http://hal.archives-ouvertes.fr/hal-00957045
@unpublished{helluy:hal-00957045,
    hal_id = {hal-00957045},
    url = {http://hal.archives-ouvertes.fr/hal-00957045},
    title = {{Reduced Vlasov-Maxwell simulations}},
    author = {Helluy, P. and Navoret, L. and Pham, N. and Crestetto, A.},
    abstract = {{In this paper we review two different numerical methods for Vlasov-Maxwell simulations. The first method is based on a coupling between a Discontinuous Galerkin (DG) Maxwell solver and a Particle-In-Cell (PIC) Vlasov solver. The second method only uses a DG approach for the Vlasov and Maxwell equations. The Vlasov equation is first reduced to a space-only hyperbolic system thanks to a reduction method proposed recently by the authors. The two numerical methods are implemented using OpenCL in order to achieve high performance on recent Graphic Processing Units (GPU).}},
    keywords = {Vlasov-Maxwell, Discontinous Galerkin, reduced modeling.},
    language = {Anglais},
    affiliation = {Institut de Recherche Math{\'e}matique Avanc{\'e}e - IRMA , TONUS - INRIA Nancy - Grand Est / IRMA , Laboratoire de Math{\'e}matiques Jean Leray - LMJL},
    year = {2014},
    month = Mar,
    note = {http://hal.archives-ouvertes.fr/hal-00957045/PDF/vlamax.pdf},
}


%% hal-00919702, version 1
%% http://hal.archives-ouvertes.fr/hal-00919702
@unpublished{helluy:hal-00919702,
    hal_id = {hal-00919702},
    url = {http://hal.archives-ouvertes.fr/hal-00919702},
    title = {{Multi-GPU numerical simulation of electromagnetic waves}},
    author = {Helluy, P. and Strub, T.},
    abstract = {{In this paper we present three-dimensional numerical simulations of electromagnetic waves. The Maxwell equations are solved by the Discontinuous Galerkin (DG) method. For achieving high performance, we exploit two levels of parallelism. The coarse grain parallelism is managed through MPI and a classical domain decomposition. The fine grain parallelism is managed with OpenCL in order to optimize the local computations on multicore processors or GPU's. We present several numerical experiments and performance comparisons.}},
    keywords = {GPU, OpenCL, MPI, Discontinuous Galerkin, Maxwell},
    language = {Anglais},
    affiliation = {Institut de Recherche Math{\'e}matique Avanc{\'e}e - IRMA , CALVI - INRIA Nancy - Grand Est / IECN / LSIIT / IRMA},
    note = {DGA \& AxesSim },
    year = {2013},
    month = Oct,
    pdf = {http://hal.archives-ouvertes.fr/hal-00919702/PDF/clac-maxwell.pdf},
}


%% hal-00596730, version 1
%% http://hal.archives-ouvertes.fr/hal-00596730
@unpublished{radix,
    hal_id = {hal-00596730},
    url = {http://hal.archives-ouvertes.fr/hal-00596730},
    title = {{A portable implementation of the radix sort algorithm in OpenCL}},
    author = {Helluy, P.},
    note = {http://hal.archives-ouvertes.fr/hal-00596730/PDF/ocl-radix-sort.pdf},
    year = {2011}
}

@article {hesthaven-pic-2009,
    AUTHOR = {Jacobs, G. B. and Hesthaven, J. S.},
     TITLE = {Implicit-explicit time integration of a high-order
              particle-in-cell method with hyperbolic divergence cleaning},
   JOURNAL = {Comput. Phys. Comm.},
  FJOURNAL = {Computer Physics Communications. An International Journal and
              Program Library for Computational Physics and Physical
              Chemistry},
    VOLUME = {180},
      YEAR = {2009},
    NUMBER = {10},
     PAGES = {1760--1767},
      ISSN = {0010-4655},
     CODEN = {CPHCBZ},
   MRCLASS = {82C80 (65M75 76X05 82D10)},
  MRNUMBER = {2678449},
       DOI = {10.1016/j.cpc.2009.05.020},
       URL = {http://dx.doi.org/10.1016/j.cpc.2009.05.020},
}

@article {hesthaven-2009,
    AUTHOR = {Kl{\"o}ckner, A. and Warburton, T. and Bridge, J. and
              Hesthaven, J. S.},
     TITLE = {Nodal discontinuous {G}alerkin methods on graphics processors},
   JOURNAL = {J. Comput. Phys.},
  FJOURNAL = {Journal of Computational Physics},
    VOLUME = {228},
      YEAR = {2009},
    NUMBER = {21},
     PAGES = {7863--7882},
      ISSN = {0021-9991},
     CODEN = {JCTPAH},
   MRCLASS = {65M60 (65Y05 78M10)},
  MRNUMBER = {2573336 (2011a:65320)},
MRREVIEWER = {Vrushali A. Bokil},
       DOI = {10.1016/j.jcp.2009.06.041},
       URL = {http://dx.doi.org/10.1016/j.jcp.2009.06.041},
}

@article {johnson-dg-1986,
    AUTHOR = {Johnson, C. and Pitk{\"a}ranta, J.},
     TITLE = {An analysis of the discontinuous {G}alerkin method for a
              scalar hyperbolic equation},
   JOURNAL = {Math. Comp.},
  FJOURNAL = {Mathematics of Computation},
    VOLUME = {46},
      YEAR = {1986},
    NUMBER = {173},
     PAGES = {1--26},
      ISSN = {0025-5718},
     CODEN = {MCMPAF},
   MRCLASS = {65M60},
  MRNUMBER = {815828 (88b:65109)},
       DOI = {10.2307/2008211},
       URL = {http://dx.doi.org/10.2307/2008211},
}

@article{lax-philips-1960,
	author = "Lax, P. D. and Phillips, R. S.",
	title = "Local boundary conditions for dissipative symmetric linear differential operators",
    	journal = "Communications on Pure and Applied Mathematics",
    	volume = "13",
	number = "3",
	pages = "427--455",
    	year = "1960"
}%ok

@book {petkov-1992,
    AUTHOR = {Petkov, V. M. and Stoyanov, L. N.},
     TITLE = {Geometry of reflecting rays and inverse spectral problems},
    SERIES = {Pure and Applied Mathematics (New York)},
 PUBLISHER = {John Wiley \& Sons Ltd.},
   ADDRESS = {Chichester},
      YEAR = {1992},
     PAGES = {vi+313},
      ISBN = {0-471-93174-8},
   MRCLASS = {58G25 (35R30 58G17 78A05)},
  MRNUMBER = {1172998 (93i:58161)},
MRREVIEWER = {Hideo Soga},
}

@misc{khronos-group-2009,
	author = "The {K}hronos {G}roup {I}nc.",
	note = "OpenCL documentation. \url{http://www.khronos.org/}",
	year = "2013",
}%ok

@incollection {lesaint-raviart-1974,
    AUTHOR = {Lesaint, P. and Raviart, P.-A.},
     TITLE = {On a finite element method for solving the neutron transport
              equation},
 BOOKTITLE = {Mathematical aspects of finite elements in partial
              differential equations ({P}roc. {S}ympos., {M}ath. {R}es.
              {C}enter, {U}niv. {W}isconsin, {M}adison, {W}is., 1974)},
     PAGES = {89--123. Publication No. 33},
 PUBLISHER = {Math. Res. Center, Univ. of Wisconsin-Madison, Academic Press,
              New York},
      YEAR = {1974},
   MRCLASS = {65N30 (82.65 82.35)},
  MRNUMBER = {0658142 (58 \#31918)},
}

@article{munz-sonnen-2000,
	author = "Munz, C.-D. and Omnes, P. and Schneider, R. and Sonnendr{\"u}cker, E. and Vo\ss, U.",
	title = "Divergence {C}orrection {T}echniques for {M}axwell {S}olvers {B}ased on a {H}yperbolic {M}odel",
    	journal = "Journal of Computational Physics",
    	volume = "161",
	number = "2",
	pages = "484--511",
    	year = "2000"
}%ok











