@misc{cabel2011multi,
  title={{Multi-GPU} acceleration of a {DGTD} method for modeling human exposure to electromagnetic waves},
  author={Cabel, Tristan and Charles, Joseph and Lanteri, Stephane},
  year={2011}
}

@book{hesthaven2007nodal,
  title={Nodal discontinuous {G}alerkin methods: algorithms, analysis, and applications},
  author={Hesthaven, Jan S and Warburton, Tim},
  volume={54},
  year={2007},
  publisher={Springer Science \& Business Media}
}

@article{augonnet2011starpu,
  title={{StarPU}: a unified platform for task scheduling on heterogeneous multicore architectures},
  author={Augonnet, C{\'e}dric and Thibault, Samuel and Namyst, Raymond and Wacrenier, Pierre-Andr{\'e}},
  journal={Concurrency and Computation: Practice and Experience},
  volume={23},
  number={2},
  pages={187--198},
  year={2011},
  publisher={Wiley Online Library}
}

@article{berenger,
  title={A perfectly matched layer for the absorption of electromagnetic waves},
  author={Berenger, Jean-Pierre},
  journal={Journal of computational physics},
  volume={114},
  number={2},
  pages={185--200},
  year={1994},
  publisher={Elsevier}
}


@article{williams2009roofline,
  title={Roofline: an insightful visual performance model for multicore architectures},
  author={Williams, Samuel and Waterman, Andrew and Patterson, David},
  journal={Communications of the ACM},
  volume={52},
  number={4},
  pages={65--76},
  year={2009},
  publisher={ACM}
}

@inproceedings{shen2012performance,
  title={Performance gaps between {OpenMP} and {OpenCL} for multi-core {CPU}s},
  author={Shen, Jie and Fang, Jianbin and Sips, Henk and Varbanescu, Ana Lucia},
  booktitle={Parallel Processing Workshops (ICPPW), 2012 41st International Conference on},
  pages={116--125},
  year={2012},
  organization={IEEE}
}

@article{aubert2010numerical,
  title={Numerical cosmology powered by {GPU}s},
  author={Aubert, Dominique},
  journal={Proceedings of the International Astronomical Union},
  volume={6},
  number={S270},
  pages={397--400},
  year={2010},
  publisher={Cambridge Univ Press}
}



@article{CFP06,
  title={A spatial high-order hexahedral discontinuous {G}alerkin method to solve {M}axwell's equations in time domain},
  author={Cohen, Gary and Ferrieres, Xavier and Pernet, S{\'e}bastien},
  journal={Journal of Computational Physics},
  volume={217},
  number={2},
  pages={340--363},
  year={2006},
  publisher={Elsevier}
}

@article {hesthaven-2009,
    AUTHOR = {Kl{\"o}ckner, A. and Warburton, T. and Bridge, J. and
              Hesthaven, J. S.},
     TITLE = {Nodal discontinuous {G}alerkin methods on graphics processors},
   JOURNAL = {J. Comput. Phys.},
  FJOURNAL = {Journal of Computational Physics},
    VOLUME = {228},
      YEAR = {2009},
    NUMBER = {21},
     PAGES = {7863--7882},
      ISSN = {0021-9991},
     CODEN = {JCTPAH},
   MRCLASS = {65M60 (65Y05 78M10)},
  MRNUMBER = {2573336 (2011a:65320)},
MRREVIEWER = {Vrushali A. Bokil},
       DOI = {10.1016/j.jcp.2009.06.041},
       URL = {http://dx.doi.org/10.1016/j.jcp.2009.06.041},
}


@incollection{helluy2014interpolated,
  title={Interpolated pressure laws in two-fluid simulations and hyperbolicity},
  author={Helluy, Philippe and Jung, Jonathan},
  booktitle={Finite Volumes for Complex Applications VII-Methods and Theoretical Aspects},
  pages={37--53},
  year={2014},
  publisher={Springer International Publishing}
}

@article{helluy2014two,
  title={Two-fluid compressible simulations on {GPU} cluster},
  author={Helluy, Philippe and Jung, Jonathan},
  journal={ESAIM: Proceedings and Surveys},
  volume={45},
  pages={349--358},
  year={2014},
  publisher={EDP Sciences}
}

@misc{kloeckner2010hedge,
  title={{H}edge: {H}ybrid and {E}asy {D}iscontinuous {G}alerkin {E}nvironment \texttt{http://mathema.tician.de/software/hedge/}},
  author={Kloeckner, A},
  year={2010}
}

@article{massaro2014numerical,
  title={Numerical simulation for the {MHD} system in {2D} using {OpenCL}},
  author={Massaro, Michel and Helluy, Philippe and Loechner, Vincent},
  journal={ESAIM: Proceedings and Surveys},
  volume={45},
  pages={485--492},
  year={2014},
  publisher={EDP Sciences}
}


@article{ruetsch2009optimizing,
  title={Optimizing matrix transpose in {CUDA}},
  author={Ruetsch, Greg and Micikevicius, Paulius},
  journal={Nvidia CUDA SDK Application Note},
  year={2009}
}

@article{aubert2010reionization,
  title={Reionization simulations powered by graphics processing units. I. On the structure of the ultraviolet radiation field},
  author={Aubert, Dominique and Teyssier, Romain},
  journal={The Astrophysical Journal},
  volume={724},
  number={1},
  pages={244},
  year={2010},
  publisher={IOP Publishing}
}

@article{michea2010accelerating,
  title={Accelerating a three-dimensional finite-difference wave propagation code using {GPU} graphics cards},
  author={Mich{\'e}a, David and Komatitsch, Dimitri},
  journal={Geophysical Journal International},
  volume={182},
  number={1},
  pages={389--402},
  year={2010},
  publisher={Oxford University Press}
}

@article{tang1993hermite,
  title={The {H}ermite spectral method for {G}aussian-type functions},
  author={Tang, Tao},
  journal={SIAM Journal on Scientific Computing},
  volume={14},
  number={3},
  pages={594--606},
  year={1993},
  publisher={SIAM}
}

@article{schumer1998vlasov,
  title={Vlasov simulations using velocity-scaled Hermite representations},
  author={Schumer, Joseph W and Holloway, James Paul},
  journal={Journal of Computational Physics},
  volume={144},
  number={2},
  pages={626--661},
  year={1998},
  publisher={Elsevier}
}

@article{despres2012reduced,
  title={Reduced resistive MHD in Tokamaks with general density},
  author={Despr{\'e}s, Bruno and Sart, R{\'e}my},
  journal={ESAIM: Mathematical Modelling and Numerical Analysis},
  volume={46},
  number={05},
  pages={1081--1106},
  year={2012},
  publisher={Cambridge Univ Press}
}

@article{le2006numerical,
  title={Numerical solution of the Vlasov--Poisson system using generalized Hermite functions},
  author={Le Bourdiec, S and De Vuyst, F and Jacquet, L},
  journal={Computer physics communications},
  volume={175},
  number={8},
  pages={528--544},
  year={2006},
  publisher={Elsevier}
}

@article{tang1992spectral,
  title={A spectral method for the numerical solutions of a kinetic equation describing the dispersion of small particles in a turbulent flow},
  author={Tang, Tao and McKee, S and Reeks, MW},
  journal={Journal of computational physics},
  volume={103},
  number={2},
  pages={222--230},
  year={1992},
  publisher={Elsevier}
}

@article{armstrong1967numerical,
  title={Numerical studies of the nonlinear Vlasov equation},
  author={Armstrong, Thomas P},
  journal={Physics of Fluids (1958-1988)},
  volume={10},
  number={6},
  pages={1269--1280},
  year={1967},
  publisher={AIP Publishing}
}
@article{helluy2014reduced,
  title={Reduced {V}lasov-{M}axwell simulations},
  author={Helluy, Philippe and Navoret, Laurent and Pham, Nhung and Crestetto, Ana{\"\i}s},
  journal={Comptes Rendus M{\'e}canique},
  volume={342},
  number={10-11},
  pages={619--635},
  year={2014},
  publisher={Elsevier}
}
@article{pham2013space,
  title={Space-only hyperbolic approximation of the {V}lasov equation},
  author={Pham, Nhung and Helluy, Philippe and Crestetto, Ana{\"\i}s},
  journal={ESAIM: Proceedings},
  volume={43},
  pages={17--36},
  year={2013},
  publisher={EDP Sciences}
}

@inproceedings{pham2014hyperbolic,
  title={Hyperbolic approximation of the {F}ourier transformed {V}lasov equation},
  author={Pham, Nhung and Helluy, Philippe and Navoret, Laurent},
  booktitle={ESAIM: Proceedings and Surveys, Congr{\'e}s SMAI, Seignosse, 27-31 mai 2013},
  volume={45},
  pages={379--389},
  year={2014},
  organization={EDP Sciences}
}

@article{helluyasynchronous,
  title={Asynchronous {OpenCL/MPI} numerical simulations of conservation laws},
  author={Helluy, Philippe and Strub, Thomas and Massaro, Michel and Roberts, Malcolm}
  journal = {\texttt{https://hal.archives-ouvertes.fr/hal-01134222v2}}
}

@article{agullo2012task,
  title={Task-based Conjugate-Gradient for multi-{GPU}s platforms},
  author={Agullo, Emmanuel and Giraud, Luc and Guermouche, Abdou and Nakov, Stojce and Roman, Jean},
  year={2012}
}



