@article{1,
        author = {M. P. Menguc and R. Viskanta},
        title = {Radiative transfer in three-dimensional rectangular enclosures containing inhomogeneous anisotropically scattering media},
        journal = {Journal of Quantitative Spectroscopy and Radiative Transfer},
        volume = {33},
		pages = {533-549},
        year = {1985}
}



@article{2,
        author = {T. Christen and F. Kassubek},
        title = {Minimum entropy production closure of the photo-hydrodynamic equations for radiative heat transfer},
        journal = {Journal of Quantitative Spectroscopy and Radiative Transfer},
        volume = {100},
		pages = {452-463},
        year = {2009}
}




@article{3,
        author = {M. Gonzalez, E. Audit, and P. Huynh},
        title = {HERACLES: A three-dimensional radiation hydrodynamics code},
        journal = {Astronomy and Astrophysics},
        volume = {464},
		pages = {429-435},
        year = {2007}
}


@article{4,
        author = {M. Frank, B. Dubroca, and A. Klar},
        title = {Partial moment entropy approximation to radiative heat transfer},
        journal = {Journal of Computational Physics},
        volume = {218},
		pages = {1-18},
        year = {2006}
}




@article{5,
        author =  {T. Brunner and J. P. Holloway},
        title = {One-dimensional Riemann solvers and the maximum entropy closure},
        journal = {Journal of Quantitative Spectroscopy and Radiative Transfer},
        volume = {69},
		pages = {536-566},
        year = {2001}
}


@article{6,
        author =  {C. D. Levermore},
        title = {Moment closure hierarchies for kinetic theories},
        journal = {Journal of Statistical Physics},
        volume = {83},
		pages = {1021-1065},
        year = {1996}
}




@article{7,
        author =  {J.-L. Feugeas},
        title = {A hierarchy of nonlocal models for the radiative transfer equation},
        journal = {Laser and Particle Beams},
        volume = {22},
		pages = {121-127},
        year = {2004}
}


@article{8,
        author =  {B. Dubroca and J.-L. Feugeas},
        title = {Theoretical and numerical study on a moment closure hierarchy for the radiative transfer equation},
        journal = {SIAM Journal on Numerical Analysis},
        volume = {329},
		pages = {915-920},
        year = {1999}
}



@article{9,
        author =  {B. Dubroca and A. Klar},
        title = {Half-moment closure for radiative transfer equations},
        journal = {Journal of
Computational Physics},
        volume = {180},
		pages = {584-596},
        year = {2002}
}



@article{10,
        author =  {P. Monreal and M. Frank},
        title = { Higher order minimum entropy approximations in radiative transfer},
        journal = {arXiv Online Article},
        volume = {arXiv:0812.3063v1},
	    year = {2008}
}



@book{11,
    title = {Physique statistique hors d'équilibre - Processus irréversibles linéaires},
    author = {N. Pottier},
    publisher = {EDP Sciences},
    year = {2007},
	pages = {251-296}
}
 
@book{12,
    title = {Statistical Physics},
    author = { L. D. Landau and E.M. Lifshitz},
    publisher = {Butterworth-Heinemann},
    year = {1980},
}
 
@book{13,
    title = {Manuel d’acoustique fondamental},
    author = {M. Bruneau},
    publisher = {Hermes},
    year = {1998},
}


@book{14,
    title = {Theory and application of the Boltzmann equation},
    author = {C. Cercignani},
    publisher = {Academic Press},
    year = {1975},
}

 
 @book{15,
    title = {Methods of theoretical physics},
    author = {P.M. Morse and H. Feshbach},
    publisher = {Mc Graw Hill Book Compagny},
	volume = {1},
    year = {1953},
}

 @book{16,
    title = {Methods of theoretical physics},
    author = {P.M. Morse and H. Feshbach},
    publisher = {Mc Graw Hill Book Compagny},
	volume = {2},
    year = {1953},
}

 
 
 
@article{17,
        author =  {Y. Kanno and T. Harada},
        title = { Kinetic scheme for solving M1 model of radiative transfer},
        journal = {arXiv Online Article},
        volume = {arXiv:1303.6805v1},
	    year = {2013}
}
 
 
 
 @article{18,
        author =  {G. N. Minerbo},
        title = {Maximum entropy Eddington factors},
        journal = {Journal of Quantitative Spectroscopy and Radiative Transfer},
        volume = {20},
		page= {541-545},
	    year = {1978}
}


 @article{19,
        author =  {J. Fort},
        title = {Information-theoretical approach to radiative transfer},
        journal = {Physica A},
        volume = {243},
		page= {275-303},
	    year = {1997}
}



 @article{20,
        author =  {C. D. Levermore},
        title = {Relating Eddington factors to flux limiters},
        journal = {Journal of Quantitative Spectroscopy and Radiative Transfer},
        volume = {31},
		page= {149-160},
	    year = {1984}
}


 @article{21,
        author =  {T. Le Pollès and J. Picaut and S. Colle and M. Bérengier},
        title = {Sound-fiel modeling in architectural acoustics by a transport theory : Application to street canyons},
        journal = {Physical Review E},
        volume = {72},
	    year = {2005}
}


 @article{22,
        author =  {J. F. Coulombel and T. Goudon},
        title = {Entropy-based moment closure for kinetic equations : Riemann problem and invariant regions},
        journal = {Journal of Hyperbolic Differential Equations},
        volume = {649},
	    year = {2006}
}



@article{23,
    author = {F. Coulombel andF. Golse and Thierry Goudon},
    title = {Diffusion approximation and entropy-based moment closure for kinetic equations},
    journal = {Asymptot. Anal},
    year = {2005}
}

@article{24,
    author = {L. Ryzhik and G. Papanicolaou and J. B. Keller},
    title = {Transport equations for elastic and other waves in random media},
    journal = {Wave Motion},
	volume = {24},
	page= {327-370},
    year = {1996}
}

 @phdthesis{25,
        author = {J. Staudacher},
        title = {Conservative numerical schemes for high-frequency wave propagation in heterogeneous media},
        year = {2013}
}
 

@article{26,
    author = {M. Franck},
    title = {Approximate models for radiative transport},
    journal = {Academia Sinca},
	volume = {2},
	page= {409-432},
    year = {2007}
}


@article{27,
    author = {M. Franck},
    title = {Mathematical models and numerical methods for high frequency waves},
    journal = {Communications in Computational Physics},
	volume = {2},
	page= {827-880},
    year = {2007}
}


@book{28,
year={2005},
isbn={978-3-540-23926-0},
booktitle={Rarefied Gas Dynamics},
series={Heat and Mass Transfer},
editor={Mewes, Dieter and Mayinger, Franz},
doi={10.1007/3-540-27230-5_4},
title={Interaction of Molecules with Solid Surface},
publisher={Springer Berlin Heidelberg},
pages={131-158},
language={English}
}



@book{29,
year={2006},
isbn={978-3-540-35885-5},
booktitle={Model Reduction and Coarse-Graining Approaches for Multiscale Phenomena},
editor={Gorban, AlexanderN. and Kevrekidis, IoannisG. and Theodoropoulos, Constantinos and Kazantzis, NikolaosK. and Öttinger, HansChristian},
doi={10.1007/3-540-35888-9_14},
title={Model Reduction in Kinetic Theory},
publisher={Springer Berlin Heidelberg},
author={Struchtrup, H.},
pages={317-341},
language={English}
}



@article{30,
    author = {C. K. Garett and C. D. Hauck},
    title = {A comparison of moment closures for linear kinetic transport equations : the line source benchmark},
    journal = {Transport Theory and Statistical Physics},
	volume = {42},
	page= {206-235},
    year = {2013}
}



@article{31,
    author = {Patrick Le Tallec and Jean-Philippe Perlat},
    title = {Numerical Analysis of Levermore’s Moment System},
    journal = {INRIA Research Report},
	number = {3124},
    year = {1997}
}






