% This file was created with JabRef 2.10.
% Encoding: UTF-8


@Manual{amdsdkguide,
  Title                    = {AMD APP SDK. OpenCL Optimization Guide.},
  Author                   = {AMD},
  Year                     = {2015},

  Owner                    = {bruno},
  Timestamp                = {2018.07.18}
}

@Article{barucq:hal-00925603,
  Title                    = {{Etude asymptotique du systeme de Maxwell avec la condition aux limites absorbante de Silver-M{\"u}ller II}},
  Author                   = {Barucq, H. and Hanouzet, B.},
  Journal                  = {{Comptes rendus de l'Acad{\'e}mie des sciences. S{\'e}rie I, Math{\'e}matique}},
  Year                     = {1993},
  Number                   = {10},
  Pages                    = {1019--1024},
  Volume                   = {316},

  Hal_id                   = {hal-00925603},
  Hal_local_reference      = {10},
  Hal_version              = {v1},
  Publisher                = {{Elsevier}},
  Url                      = {https://hal.inria.fr/hal-00925603}
}

@Article{Bendali,
  Title                    = {Conditions aux limites absorbantes pour le système de Maxwell dans le vide en dimension 3.},
  Author                   = {Bendali, A. and Halpern, L.},
  Year                     = {1988},

  Month                    = {01},

  Booktitle                = {Comptes Rendus de l’Académie des Sciences. Série I}
}

@Article{BERENGER1994185,
  Title                    = {A perfectly matched layer for the absorption of electromagnetic waves},
  Author                   = {Berenger, J.-P.},
  Journal                  = {Journal of Computational Physics},
  Year                     = {1994},
  Number                   = {2},
  Pages                    = {185 - 200},
  Volume                   = {114},

  Doi                      = {https://doi.org/10.1006/jcph.1994.1159},
  ISSN                     = {0021-9991},
  Url                      = {http://www.sciencedirect.com/science/article/pii/S0021999184711594}
}

@Article{berenger_thin_plane,
  Title                    = {Plaques minces aux différences finies},
  Author                   = {Bérenger, J.-P.},
  Journal                  = {6éme Colloque International et Exposition sur la Compatibilité Electromagnétique, CEM’92},
  Year                     = {1992},

  Month                    = {Jun},
  Pages                    = {298--303}
}

@InProceedings{Bourdel:1991:RNH:138062.138090,
  Title                    = {Resolution of the Non-stationary or Harmonic Maxwell Equations by a Discontinuous Finite Element Method: Application to an E.M.I. (Electromagnetic Impulse) Case},
  Author                   = {Bourdel, F. and Mazet, P.-A. and Helluy, P.},
  Booktitle                = {Proceedings of the 10th International Conference on Computing Methods in Applied Sciences and Engineering on Computing Methods in Applied Sciences and Engineering},
  Year                     = {1991},

  Address                  = {Commack, NY, USA},
  Pages                    = {405--422},
  Publisher                = {Nova Science Publishers, Inc.},

  Acmid                    = {138090},
  ISBN                     = {1-56072-060-3},
  Location                 = {Paris, France},
  Numpages                 = {18},
  Url                      = {http://dl.acm.org/citation.cfm?id=138062.138090}
}

@Book{brezis1983analyse,
  Title                    = {Analyse fonctionelle:},
  Author                   = {Brézis, H.},
  Publisher                = {Masson},
  Year                     = {1983},
  Series                   = {Collection Math{\'e}matiques appliqu{\'e}es pour la ma{\^\i}trise},

  ISBN                     = {9782225771989},
  Url                      = {https://books.google.fr/books?id=7SXvAAAAMAAJ}
}

@Article{Brezzi2005,
  Title                    = {Mixed Discontinuous Galerkin Methods for Darcy Flow},
  Author                   = {Brezzi, F. and Hughes, T. J. R. and Marini, L. D. and Masud, A.},
  Journal                  = {Journal of Scientific Computing},
  Year                     = {2005},

  Month                    = {Jun},
  Number                   = {1},
  Pages                    = {119--145},
  Volume                   = {22},

  Day                      = {01},
  Doi                      = {10.1007/s10915-004-4150-8},
  ISSN                     = {1573-7691},
  Url                      = {https://doi.org/10.1007/s10915-004-4150-8}
}

@Article{doi:10.1137/090757940,
  Title                    = {Explicit Runge–Kutta Schemes and Finite Elements with Symmetric Stabilization for First-Order Linear PDE Systems},
  Author                   = {Burman, E. and Ern, A. and Fernández, M.},
  Journal                  = {SIAM Journal on Numerical Analysis},
  Year                     = {2010},
  Number                   = {6},
  Pages                    = {2019-2042},
  Volume                   = {48},

  Doi                      = {10.1137/090757940},
  Eprint                   = { 
 https://doi.org/10.1137/090757940
 
},
  Owner                    = {bruno},
  Timestamp                = {2018.06.28},
  Url                      = { 
 https://doi.org/10.1137/090757940
 
}
}

@TechReport{cabel:inria-00583617,
  Title                    = {{Multi-GPU acceleration of a DGTD method for modeling human exposure to electromagnetic waves}},
  Author                   = {Cabel, T. and Charles, J. and Lanteri, S.},
  Institution              = {{INRIA}},
  Year                     = {2011},
  Month                    = Apr,
  Number                   = {RR-7592},
  Type                     = {Research Report},

  File                     = {RR-7592.pdf:https\://hal.inria.fr/inria-00583617/file/RR-7592.pdf:PDF},
  Hal_id                   = {inria-00583617},
  Hal_version              = {v1},
  Keywords                 = {computational electromagnetics ; time-domain Maxwell equations ; discontinuous Galerkin method ; biological tissues ; mobile phone radiation. ; mobile phone radiation},
  Pages                    = {27},
  Url                      = {https://hal.inria.fr/inria-00583617}
}

@Article{castel:hal-00403787,
  Title                    = {{Application of Discontinuous Galerkin spectral method on hexahedral elements for aeroacoustic}},
  Author                   = {Castel, N. and Cohen, G. and Durufl{\'e}, M.},
  Journal                  = {{Journal of Computational Acoustics}},
  Year                     = {2009},
  Number                   = {2},
  Pages                    = {175--196},
  Volume                   = {17},

  File                     = {AeroCastel.pdf:https\://hal.archives-ouvertes.fr/hal-00403787/file/AeroCastel.pdf:PDF},
  Hal_id                   = {hal-00403787},
  Hal_version              = {v1},
  Publisher                = {{World Scientific Publishing}},
  Url                      = {https://hal.archives-ouvertes.fr/hal-00403787}
}

@Article{779907,
  Title                    = {Wavelet-Galerkin scheme of time-dependent inhomogeneous electromagnetic problems},
  Author                   = {Young Wook Cheong and Yong Min Lee and Keuk Hwan Ra and Joon Gil Kang and Chull Chae Shin},
  Journal                  = {IEEE Microwave and Guided Wave Letters},
  Year                     = {1999},

  Month                    = {Aug},
  Number                   = {8},
  Pages                    = {297-299},
  Volume                   = {9},

  Doi                      = {10.1109/75.779907},
  ISSN                     = {1051-8207},
  Keywords                 = {Galerkin method;Maxwell equations;cavity resonators;electromagnetic wave scattering;inhomogeneous media;interpolation;time-domain analysis;wavelet transforms;Daubechies wavelet;Yee leap-frog method;cavity resonant frequency;inhomogeneous electromagnetic scattering;numerical analysis;shifted interpolation;time-dependent Maxwell equations;wavelet-Galerkin method;Electromagnetic scattering;Gas insulated transmission lines;Integral equations;Interpolation;Lattices;Maxwell equations;Nonhomogeneous media;Sampling methods;Testing;Wavelet domain},
  Owner                    = {bruno},
  Timestamp                = {2018.06.28}
}

@InProceedings{10.1007/978-3-0348-8534-8_21,
  Title                    = {The MPI Message Passing Interface Standard},
  Author                   = {Clarke, Lyndon and Glendinning, Ian and Hempel, Rolf},
  Booktitle                = {Programming Environments for Massively Parallel Distributed Systems},
  Year                     = {1994},

  Address                  = {Basel},
  Editor                   = {Decker, Karsten M. and Rehmann, Ren{\'e} M.},
  Pages                    = {213--218},
  Publisher                = {Birkh{\"a}user Basel},

  ISBN                     = {978-3-0348-8534-8},
  Owner                    = {bruno},
  Timestamp                = {2018.07.16}
}

@Article{Coh-Fer-Per-2006-1,
  Title                    = {A spatial high-order hexahedral discontinuous Galerkin method to solve Maxwell's equations in time domain },
  Author                   = {Cohen, G. and Ferrieres, X and Pernet, S. },
  Journal                  = {Journal of Computational Physics },
  Year                     = {2006 },
  Pages                    = {340--363},
  Volume                   = {217(2) },

  Doi                      = {10.1016/j.jcp.2006.01.004 }
}

@Article{Courant1928,
  Title                    = {{\"U}ber die partiellen Differenzengleichungen der mathematischen Physik},
  Author                   = {Courant, R.
and Friedrichs, K.
and Lewy, H.},
  Journal                  = {Mathematische Annalen},
  Year                     = {1928},

  Month                    = {Dec},
  Number                   = {1},
  Pages                    = {32--74},
  Volume                   = {100},

  Day                      = {01},
  Doi                      = {10.1007/BF01448839},
  ISSN                     = {1432-1807},
  Owner                    = {bruno},
  Timestamp                = {2018.06.28},
  Url                      = {https://doi.org/10.1007/BF01448839}
}

@Book{friedrichs_courant,
  Title                    = {Supersonic Flow and Shock Waves},
  Author                   = {Courant, R. and Friedrichs, K. O.},
  Publisher                = {Springer-Verlag},
  Year                     = {1977},
  Volume                   = {21},

  Maintitle                = {Applied mathematical sciences}
}

@InProceedings{crestetto:hal-00731021,
  Title                    = {{Resolution of the Vlasov-Maxwell system by PIC Discontinuous Galerkin method on GPU with OpenCL}},
  Author                   = {Crestetto, A. and Helluy, P.},
  Booktitle                = {{CEMRACS'11}},
  Year                     = {2011},

  Address                  = {France},
  Pages                    = {257--274},
  Publisher                = {{EDP Sciences}},
  Volume                   = {38},

  Doi                      = {10.1051/proc/201238014},
  File                     = {proceeding_hal.pdf:https\://hal.archives-ouvertes.fr/hal-00731021/file/proceeding_hal.pdf:PDF},
  Hal_id                   = {hal-00731021},
  Hal_version              = {v1},
  Url                      = {https://hal.archives-ouvertes.fr/hal-00731021}
}

@Unpublished{devuyst:hal-00687566,
  Title                    = {{GPU-accelerated numerical simulations of the Knudsen gas on time-dependent domains}},
  Author                   = {De Vuyst, F. and Salvarani, F.},
  Note                     = {working paper or preprint},

  Month                    = Sep,
  Year                     = {2012},

  File                     = {GPU_DeVuyst_Salvarani4_Hal.pdf:https\://hal.archives-ouvertes.fr/hal-00687566/file/GPU_DeVuyst_Salvarani4_Hal.pdf:PDF},
  Hal_id                   = {hal-00687566},
  Hal_version              = {v2},
  Keywords                 = {Transport equation ; Particle methods ; GPGPU ; moving domains},
  Url                      = {https://hal.archives-ouvertes.fr/hal-00687566}
}

@Article{friedrichs_ern,
  Title                    = {Discontinuous Galerkin Methods for Friedrichs' systems. I. General theory},
  Author                   = {Ern, A. and Guermond, J.-L.},
  Journal                  = {SIAM Journal on Numerical Analysis},
  Year                     = {2006},
  Number                   = {2},
  Pages                    = {753--778},
  Volume                   = {44}
}

@Article{Fang556449,
  Title                    = {Generalized perfectly matched layer for the absorption of propagating and evanescent waves in lossless and lossy media},
  Author                   = {Fang, J. and Wu, Z.},
  Journal                  = {IEEE Transactions on Microwave Theory and Techniques},
  Year                     = {1996},

  Month                    = {Dec},
  Number                   = {12},
  Pages                    = {2216-2222},
  Volume                   = {44},

  Doi                      = {10.1109/22.556449},
  ISSN                     = {0018-9480},
  Keywords                 = {Maxwell equations;electromagnetic wave absorption;electromagnetic wave propagation;finite difference time-domain analysis;FDTD programs;Maxwells equations;evanescent wave absorption;finite-difference time-domain method;generalized perfectly matched layer;lossless media;lossy media;numerical implementation;propagating wave absorption;Absorption;Conducting materials;Conductivity;Finite difference methods;Impedance;Magnetic materials;Maxwell equations;Perfectly matched layers;Propagation losses;Reflection}
}

@Article{fezoui2005convergence,
  Title                    = {Convergence and stability of a discontinuous Galerkin time-domain method for the 3D heterogeneous Maxwell equations on unstructured meshes},
  Author                   = {Fezoui, Loula and Lanteri, St{\'e}phane and Lohrengel, St{\'e}phanie and Piperno, Serge},
  Journal                  = {ESAIM: Mathematical Modelling and Numerical Analysis},
  Year                     = {2005},
  Number                   = {6},
  Pages                    = {1149--1176},
  Volume                   = {39},

  Publisher                = {EDP Sciences}
}

@Article{fornet2012mathematical,
  Title                    = {Mathematical study of a hyperbolic regularization to ensure {G}auss law conservation in {M}axwell--{V}lasov applications},
  Author                   = {Fornet, Bruno and Mouysset, Vincent and Rodr{\'\i}guez-Ar{\'o}s, {\'A}ngel},
  Journal                  = {Mathematical Models and Methods in Applied Sciences},
  Year                     = {2012},
  Number                   = {04},
  Pages                    = {1150020},
  Volume                   = {22},

  Publisher                = {World Scientific}
}

@Article{friedrichs_definition,
  Title                    = {Symmetric hyperbolic linear differential equations},
  Author                   = {Friedrichs, K. O.},
  Journal                  = {Communications on Pure and Applied Mathematics},
  Year                     = {1954},
  Number                   = {2},
  Pages                    = {345--392},
  Volume                   = {7}
}

@Article{Gabriel1,
  Title                    = {Compilation of the Dielectric Properties of Body Tissues at RF and Microwave Frequencies},
  Author                   = {Gabriel, Camelia},
  Year                     = {1996},

  Month                    = {02},
  Pages                    = {272},

  Booktitle                = {Texas: Air Force materiel command, Brooks Air Force Base},
  Owner                    = {bruno},
  Timestamp                = {2018.07.06}
}

@Article{2009Gabriel,
  Title                    = {Electrical conductivity of tissue at frequencies below 1 MHz},
  Author                   = {C Gabriel and A Peyman and E H Grant},
  Journal                  = {Physics in Medicine and Biology},
  Year                     = {2009},
  Number                   = {16},
  Pages                    = {4863},
  Volume                   = {54},

  Abstract                 = {A two-pronged approach, review and measurement, has been adopted to
 characterize the conductivity of tissues at frequencies below
 1 MHz. The review covers data published in the last decade
 and earlier data not included in recent reviews. The
 measurements were carried out on pig tissue, in vivo , and
 pig body fluids in vitro . Conductivity data have been
 obtained for skeletal and myocardial muscle, liver, skull,
 fat, lung and body fluids (blood, bile, CSF and urine). A
 critical analysis of the data highlights their usefulness and
 limitations and enables suggestions to be made for measuring
 the electrical properties of tissues.},
  Owner                    = {bruno},
  Timestamp                = {2018.07.17},
  Url                      = {http://stacks.iop.org/0031-9155/54/i=16/a=002}
}

@Article{1996Gabiel,
  Title                    = {The dielectric properties of biological tissues: II. Measurements in
 the frequency range 10 Hz to 20 GHz},
  Author                   = {S Gabriel and R W Lau and C Gabriel},
  Journal                  = {Physics in Medicine and Biology},
  Year                     = {1996},
  Number                   = {11},
  Pages                    = {2251},
  Volume                   = {41},

  Abstract                 = {Three experimental techniques based on automatic swept-frequency
 network and impedance analysers were used to measure the
 dielectric properties of tissue in the frequency range 10 Hz
 to 20 GHz. The technique used in conjunction with the
 impedance analyser is described. Results are given for a
 number of human and animal tissues, at body temperature,
 across the frequency range, demonstrating that good agreement
 was achieved between measurements using the three pieces of
 equipment. Moreover, the measured values fall well within the
 body of corresponding literature data.},
  Owner                    = {bruno},
  Timestamp                = {2018.07.17},
  Url                      = {http://stacks.iop.org/0031-9155/41/i=11/a=002}
}

@Article{Gedney546249,
  Title                    = {An anisotropic perfectly matched layer-absorbing medium for the truncation of FDTD lattices},
  Author                   = {Gedney, S. D.},
  Journal                  = {IEEE Transactions on Antennas and Propagation},
  Year                     = {1996},

  Month                    = {Dec},
  Number                   = {12},
  Pages                    = {1630-1639},
  Volume                   = {44},

  Doi                      = {10.1109/8.546249},
  ISSN                     = {0018-926X},
  Keywords                 = {Maxwell equations;electromagnetic wave absorption;electromagnetic wave polarisation;electromagnetic wave propagation;finite difference time-domain analysis;EM wave polarisation;EM wave propagation;FDTD lattices truncation;Maxwellian formulation;absorbing material;anisotropic perfectly matched layer absorbing medium;computationally efficient method;finite-difference time-domain;perfectly matched layer method;uniaxial anisotropic material;Anisotropic magnetoresistance;Dispersion;Finite difference methods;Lattices;Maxwell equations;Permittivity;Polarization;Reflection;Tellurium;Time domain analysis}
}

@Other{opencl,
  Title                    = {The open standard for parallel programming of heterogeneous systems},
  Author                   = {The Khronos Group},
  Date                     = {2013},
  Url                      = {https://www.khronos.org/opencl/}
}

@InProceedings{8094767,
  Title                    = {Electromagnetic analysis: Radiated emission of IoT applications close to an anthropomorphic mannequin},
  Author                   = {A. Guéna and S. Lamesch and V. Forte and D. Halley and P. Muris and M. Viguier and N. Muot and T. Strub and B. Weber and C. Girard},
  Booktitle                = {2017 International Symposium on Electromagnetic Compatibility - EMC EUROPE},
  Year                     = {2017},
  Month                    = {Sept},
  Pages                    = {1-5},

  Doi                      = {10.1109/EMCEurope.2017.8094767},
  Keywords                 = {Internet of Things;body area networks;IoT applications;Radiated emission;anthropomorphic human mannequin;electromagnetic analysis;electromagnetic tools;innovative simulation environment;wireless BAN communication technologies;Antenna arrays;Antenna measurements;Computational modeling;Electric fields;Electromagnetic compatibility;Phantoms;Solid modeling;BAN;BLE;GDTD;SAR},
  Owner                    = {bruno},
  Timestamp                = {2018.07.19}
}

@Book{guiffaut2000contribution,
  Title                    = {Contribution a la méthode FDTD pour l'étude d'antennes et de la diffraction d'objets enfouis},
  Author                   = {Guiffaut, C.},
  Year                     = {2000},

  Owner                    = {bruno},
  Timestamp                = {2018.07.03},
  Url                      = {https://books.google.fr/books?id=lHlOPAAACAAJ}
}

@InProceedings{guiffaut:hal-00624720,
  Title                    = {{New Oblique Thin Wire Formalism in the FDTD Method}},
  Author                   = {Guiffaut, Christophe and Reineix, Alain and Pecqueux, B.},
  Booktitle                = {{IEEE AP-S International Symposium on Antennas and Propagation and 2010}},
  Year                     = {2010},

  Address                  = {Toronto, Canada},
  Month                    = Nov,
  Pages                    = {inconnu},

  Hal_id                   = {hal-00624720},
  Hal_version              = {v1},
  Owner                    = {bruno},
  Timestamp                = {2018.07.06},
  Url                      = {https://hal.archives-ouvertes.fr/hal-00624720}
}

@Article{772353,
  Title                    = {Rational approximation of frequency domain responses by vector fitting},
  Author                   = {B. Gustavsen and A. Semlyen},
  Journal                  = {IEEE Transactions on Power Delivery},
  Year                     = {1999},

  Month                    = {Jul},
  Number                   = {3},
  Pages                    = {1052-1061},
  Volume                   = {14},

  Doi                      = {10.1109/61.772353},
  ISSN                     = {0885-8977},
  Keywords                 = {frequency-domain analysis;function approximation;poles and zeros;power system analysis computing;power system transients;vectors;computer simulation;frequency domain responses;power network equivalents;power system transients modelling;rational approximation;resonance peaks;scaling procedure;smooth functions;starting poles;transformer responses;vector fitting;Computational modeling;Convolutional codes;Frequency dependence;Frequency domain analysis;Frequency measurement;Function approximation;Power system dynamics;Power system modeling;Power system simulation;Resonance},
  Owner                    = {bruno},
  Timestamp                = {2018.07.16}
}

@Article{ccpr_han,
  Title                    = {Model Dispersive Media in Finite-Difference Time-Domain Method With Complex-Conjugate Pole-Residue Pairs},
  Author                   = {Han, M. and Dutton, R. W. and Fan, S.},
  Journal                  = {IEEE Microwave and Wireless Components Letters},
  Year                     = {2006},
  Number                   = {3},
  Pages                    = {119--121},
  Volume                   = {16}
}

@Article{helluy:hal-00957020,
  Title                    = {{Two-fluid compressible simulations on GPU cluster}},
  Author                   = {Helluy, P. and Jung, J.},
  Journal                  = {{ESAIM: Proceedings and Surveys}},
  Year                     = {2014},

  Month                    = Nov,
  Pages                    = {349 - 358},

  Doi                      = {10.1051/proc/201445036},
  File                     = {helluy-jung-2-compressible-GPU-Cluster.pdf:https\://hal.archives-ouvertes.fr/hal-00957020/file/helluy-jung-2-compressible-GPU-Cluster.pdf:PDF},
  Hal_id                   = {hal-00957020},
  Hal_version              = {v1},
  Keywords                 = {MPI ; random sampling ; Arbitrary Lagrangian Eulerian scheme ; GPU ; Compressible Euler equations},
  Publisher                = {{EDP Sciences}},
  Url                      = {https://hal.archives-ouvertes.fr/hal-00957020}
}

@Book{Hesthaven:2007:NDG:1557392,
  Title                    = {Nodal Discontinuous Galerkin Methods: Algorithms, Analysis, and Applications},
  Author                   = {Hesthaven, J. S. and Warburton, T.},
  Publisher                = {Springer Publishing Company, Incorporated},
  Year                     = {2007},
  Edition                  = {1st},

  ISBN                     = {0387720650, 9780387720654}
}

@Article{Hesthaven493,
  Title                    = {High{\textendash}order nodal discontinuous Galerkin methods for the Maxwell eigenvalue problem},
  Author                   = {Hesthaven, J. S. and Warburton, T.},
  Journal                  = {Philosophical Transactions of the Royal Society of London A: Mathematical, Physical and Engineering Sciences},
  Year                     = {2004},
  Number                   = {1816},
  Pages                    = {493--524},
  Volume                   = {362},

  Doi                      = {10.1098/rsta.2003.1332},
  Eprint                   = {http://rsta.royalsocietypublishing.org/content/362/1816/493.full.pdf},
  ISSN                     = {1364-503X},
  Publisher                = {The Royal Society},
  Url                      = {http://rsta.royalsocietypublishing.org/content/362/1816/493}
}

@Article{4091427,
  Title                    = {Finite-Difference Analysis of EMP Coupling to Thin Struts and Wires},
  Author                   = {R. Holland and L. Simpson},
  Journal                  = {IEEE Transactions on Electromagnetic Compatibility},
  Year                     = {1981},

  Month                    = {May},
  Number                   = {2},
  Pages                    = {88-97},
  Volume                   = {EMC-23},

  Doi                      = {10.1109/TEMC.1981.303899},
  ISSN                     = {0018-9375},
  Keywords                 = {Computational geometry;Conductors;Dipole antennas;EMP radiation effects;Electromagnetic scattering;Finite difference methods;Inductance;Maxwell equations;Time domain analysis;Wire;EMP;THREDE;coupling;finite-difference analysis;thin struts;wires},
  Owner                    = {bruno},
  Timestamp                = {2018.07.06}
}

@Manual{intelsdkguide,
  Title                    = {Intel SDK for OpenCL Applications XE 2013 Beta. Optimization Guide. Document number: 326542-001US},
  Author                   = {Intel},
  Year                     = {2012},

  Owner                    = {bruno},
  Timestamp                = {2018.07.18}
}

@Article{Johnson:1986:ADG:21230.21231,
  Title                    = {An Analysis of the Discontinuous Galerkin Method for a Scalar Hyperbolic Equation},
  Author                   = {Johnson, C. and Pitk\"{a}ranta, J.},
  Journal                  = {Math. Comput.},
  Year                     = {1986},

  Month                    = jan,
  Number                   = {173},
  Pages                    = {1--26},
  Volume                   = {46},

  Acmid                    = {21231},
  Address                  = {Boston, MA, USA},
  Doi                      = {10.2307/2008211},
  ISSN                     = {0025-5718},
  Issue_date               = {Jan. 1986},
  Numpages                 = {26},
  Publisher                = {American Mathematical Society},
  Url                      = {http://dx.doi.org/10.2307/2008211}
}

@Article{Karypis:1998:FHQ:305219.305248,
  Title                    = {A Fast and High Quality Multilevel Scheme for Partitioning Irregular Graphs},
  Author                   = {Karypis, George and Kumar, Vipin},
  Journal                  = {SIAM J. Sci. Comput.},
  Year                     = {1998},

  Month                    = dec,
  Number                   = {1},
  Pages                    = {359--392},
  Volume                   = {20},

  Acmid                    = {305248},
  Address                  = {Philadelphia, PA, USA},
  Doi                      = {10.1137/S1064827595287997},
  ISSN                     = {1064-8275},
  Issue_date               = {Aug. 1998},
  Keywords                 = {fill-reducing orderings, finite element computations, graph partitioning, parallel computations},
  Numpages                 = {34},
  Owner                    = {bruno},
  Publisher                = {Society for Industrial and Applied Mathematics},
  Timestamp                = {2018.07.16},
  Url                      = {http://dx.doi.org/10.1137/S1064827595287997}
}

@Article{Klockner:2009:NDG:1613335.1613429,
  Title                    = {Nodal Discontinuous Galerkin Methods on Graphics Processors},
  Author                   = {Kl\"{o}ckner, A. and Warburton, T. and Bridge, J. and Hesthaven, J. S.},
  Journal                  = {J. Comput. Phys.},
  Year                     = {2009},

  Month                    = nov,
  Number                   = {21},
  Pages                    = {7863--7882},
  Volume                   = {228},

  Acmid                    = {1613429},
  Address                  = {San Diego, CA, USA},
  Doi                      = {10.1016/j.jcp.2009.06.041},
  ISSN                     = {0021-9991},
  Issue_date               = {November, 2009},
  Keywords                 = {Discontinuous Galerkin, GPU, High order, Many-core, Maxwell's equations, Parallel computation},
  Numpages                 = {20},
  Publisher                = {Academic Press Professional, Inc.},
  Url                      = {http://dx.doi.org/10.1016/j.jcp.2009.06.041}
}

@Article{Kopriva10.1002,
  Title                    = {Computation of electromagnetic scattering with a non-conforming discontinuous spectral element method},
  Author                   = {Kopriva, D. A. and Woodruff, S. L. and Hussaini, M. Y.},
  Journal                  = {International Journal for Numerical Methods in Engineering},
  Number                   = {1},
  Pages                    = {105--122},
  Volume                   = {53},

  Doi                      = {10.1002/nme.394},
  Eprint                   = {https://onlinelibrary.wiley.com/doi/pdf/10.1002/nme.394},
  Keywords                 = {discontinuous Galerkin, spectral methods, Maxwell's equations},
  Url                      = {https://onlinelibrary.wiley.com/doi/abs/10.1002/nme.394}
}

@Article{kubatko2008time,
  Title                    = {Time step restrictions for Runge--Kutta discontinuous Galerkin methods on triangular grids},
  Author                   = {Kubatko, Ethan J and Dawson, Clint and Westerink, Joannes J},
  Journal                  = {Journal of Computational Physics},
  Year                     = {2008},
  Number                   = {23},
  Pages                    = {9697--9710},
  Volume                   = {227},

  Publisher                = {Elsevier}
}

@Article{LAHIVAARA20105144,
  Title                    = {A non-uniform basis order for the discontinuous Galerkin method of the 3D dissipative wave equation with perfectly matched layer},
  Author                   = {Lähivaara, T. and Huttunen, T.},
  Journal                  = {Journal of Computational Physics},
  Year                     = {2010},
  Number                   = {13},
  Pages                    = {5144 - 5160},
  Volume                   = {229},

  Doi                      = {https://doi.org/10.1016/j.jcp.2010.03.030},
  ISSN                     = {0021-9991},
  Keywords                 = {Discontinuous Galerkin, Wave propagation, Non-uniform basis order, Perfectly matched layer},
  Url                      = {http://www.sciencedirect.com/science/article/pii/S002199911000149X}
}

@Article{LASSAS2001739,
  Title                    = {Complex Riemannian metric and absorbing boundary conditions},
  Author                   = {Lassas, M. and Liukkonen, J. and Somersalo, E.},
  Journal                  = {Journal de Mathématiques Pures et Appliquées},
  Year                     = {2001},
  Number                   = {7},
  Pages                    = {739 - 768},
  Volume                   = {80},

  Doi                      = {https://doi.org/10.1016/S0021-7824(01)01214-4},
  ISSN                     = {0021-7824},
  Keywords                 = {Absorbing boundary conditions, Perfectly Matched Layer, Complex Riemannian metric, Scattering poles},
  Url                      = {http://www.sciencedirect.com/science/article/pii/S0021782401012144}
}

@PhdThesis{laurens:tel-00475286,
  Title                    = {{High accuracy approximation for diffraction problems.}},
  Author                   = {Laurens, S.},
  School                   = {{Universit{\'e} Paul Sabatier - Toulouse III}},
  Year                     = {2010},
  Month                    = Mar,
  Type                     = {Theses},

  File                     = {these_slaurens.pdf:https\://tel.archives-ouvertes.fr/tel-00475286/file/these_slaurens.pdf:PDF},
  Hal_id                   = {tel-00475286},
  Hal_local_reference      = {These Sophie Laurens},
  Hal_version              = {v2},
  Keywords                 = {Waves propagation equations ; Friedrichs' systems ; Fictive absorbing media ; Pseudo riemannian manifolds ; High order approximation ; Electromagnetism ; Equations de propagation d'ondes ; Syst{\`e}mes de Friedrichs ; Perfectly Matched Layers ; Milieux fictifs absorbants ; Vari{\'e}t{\'e}s pseudo riemanniennes ; Approximation d'ordre {\'e}lev{\'e} ; Electromagn{\'e}tisme},
  Url                      = {https://tel.archives-ouvertes.fr/tel-00475286}
}

@Article{existence_solution_lax_phillips,
  Title                    = {Local boundary conditions for dissipative symmetric linear differential operators},
  Author                   = {Lax, P. D. and Phillips, R. S.},
  Journal                  = {Communications on Pure and Applied Mathematics},
  Year                     = {1960},
  Pages                    = {427--455},
  Volume                   = {13}
}

@InCollection{LESAINT197489,
  Title                    = {On a Finite Element Method for Solving the Neutron Transport Equation },
  Author                   = {Lesaint, P. and Raviart, P.-A.},
  Booktitle                = {Mathematical Aspects of Finite Elements in Partial Differential Equations },
  Publisher                = {Academic Press},
  Year                     = {1974},
  Editor                   = {Boor, Carl de },
  Pages                    = {89--123},

  Doi                      = {https://doi.org/10.1016/B978-0-12-208350-1.50008-X},
  ISBN                     = {978-0-12-208350-1},
  Url                      = {https://www.sciencedirect.com/science/article/pii/B978012208350150008X}
}

@Article{lohrengel:hal-00210500,
  Title                    = {{Convergence and Stability of a Discontinuous Galerkin Time-Domain method for the 3D heterogeneous Maxwell equations on unstructured meshes}},
  Author                   = {Lohrengel, S. and Piperno, S. and Fezoui, L. F. and Lanteri, S.},
  Journal                  = {{Modelisation Math{\'e}matique et Analyse Num{\'e}rique}},
  Year                     = {2005},
  Number                   = {6},
  Pages                    = {1149--1176},
  Volume                   = {39},

  Hal_id                   = {hal-00210500},
  Hal_version              = {v1},
  Publisher                = {{EDP sciences SMAI}},
  Url                      = {https://hal.archives-ouvertes.fr/hal-00210500}
}

@Article{LU2004549,
  Title                    = {Discontinuous Galerkin methods for dispersive and lossy Maxwell's equations and PML boundary conditions},
  Author                   = {Tiao Lu and Pingwen Zhang and Wei Cai},
  Journal                  = {Journal of Computational Physics},
  Year                     = {2004},
  Number                   = {2},
  Pages                    = {549 - 580},
  Volume                   = {200},

  Doi                      = {https://doi.org/10.1016/j.jcp.2004.02.022},
  ISSN                     = {0021-9991},
  Keywords                 = {Discontinuous Galerkin method, Electromagnetic scattering, Dispersive media, Riemann solver, UPML},
  Owner                    = {bruno},
  Timestamp                = {2018.06.28},
  Url                      = {http://www.sciencedirect.com/science/article/pii/S0021999104001792}
}

@Article{MAZET199859,
  Title                    = {Interprétation dispersive du milieu PML de Bérenger},
  Author                   = {Mazet, P.-A. and Paintandre, S. and Rahmouni, A.},
  Journal                  = {Comptes Rendus de l'Académie des Sciences - Series I - Mathematics},
  Year                     = {1998},
  Number                   = {1},
  Pages                    = {59 - 64},
  Volume                   = {327},

  Doi                      = {https://doi.org/10.1016/S0764-4442(98)80103-1},
  ISSN                     = {0764-4442},
  Url                      = {http://www.sciencedirect.com/science/article/pii/S0764444298801031}
}

@Article{MAZET2001599,
  Title                    = {Sur l'existence et l'unicité des solutions pour le système de Maxwell harmonique en présence de couches de Bérenger},
  Author                   = {Mazet, P.-A. and Ségui, L. and Dah, B.},
  Journal                  = {Comptes Rendus de l'Académie des Sciences - Series I - Mathematics},
  Year                     = {2001},
  Number                   = {6},
  Pages                    = {599 - 604},
  Volume                   = {333},

  Doi                      = {https://doi.org/10.1016/S0764-4442(01)02077-8},
  ISSN                     = {0764-4442},
  Url                      = {http://www.sciencedirect.com/science/article/pii/S0764444201020778}
}

@InProceedings{cem2018,
  Title                    = {Implémentation massivement parallèle d’une méthode Galerkin Discontinue appliquée à l’électromagnétisme en domaine temporel – Application aux interactions onde / corps humain.},
  Author                   = {Muot, N. and Weber, B. and Strub, T. and Guéna, A. and Lamesch, S.},
  Booktitle                = {EMC EUROPE - 2018 International Symposium on Electromagnetic Compatibility},
  Year                     = {2018},

  Owner                    = {bruno},
  Timestamp                = {2018.07.19}
}

@Article{ccpr_ramadan,
  Title                    = {Unified Frequency-Dependent Split-Step FDTD Formulations Based on the Complex-Conjugate Pole-Residue Pairs Model},
  Author                   = {Ramadan, O.},
  Journal                  = {IEEE Microwave and Wireless Components Letters},
  Year                     = {2014},
  Number                   = {8},
  Pages                    = {509--511},
  Volume                   = {24}
}

@Article{existence_solution_rauch,
  Title                    = {Symmetric positive systems with boundary characteristic of constant multiplicity},
  Author                   = {Rauch, J.},
  Journal                  = {Transactions of the American Mathematical Society},
  Year                     = {1985},
  Number                   = {1},
  Pages                    = {167--187},
  Volume                   = {291}
}

@Article{Raviart1977,
  Title                    = {Primal Hybrid Finite Element Methods for 2nd Order Elliptic Equations},
  Author                   = {Raviart, P.-A. and Thomas, J.-M.},
  Year                     = {1977},

  Month                    = {05},
  Volume                   = {31},

  Booktitle                = {Mathematics of Computation - Math. Comput.}
}

@InCollection{schneider2013cfl,
  Title                    = {Is the CFL condition sufficient? Some remarks},
  Author                   = {Schneider, Kai and Kolomenskiy, Dmitry and Deriaz, Erwan},
  Booktitle                = {The Courant--Friedrichs--Lewy (CFL) Condition},
  Publisher                = {Springer},
  Year                     = {2013},
  Pages                    = {139--146}
}

@Book{sauts,
  Title                    = {Méthodes mathématiques pour les sciences physiques},
  Author                   = {Schwartz, L.},
  Publisher                = {Hermann},
  Year                     = {1956}
}

@Article{schwartzkopff2004fast,
  Title                    = {Fast high order ADER schemes for linear hyperbolic equations},
  Author                   = {Schwartzkopff, Thomas and Dumbser, Michael and Munz, Claus-Dieter},
  Journal                  = {Journal of Computational Physics},
  Year                     = {2004},
  Number                   = {2},
  Pages                    = {532--539},
  Volume                   = {197},

  Publisher                = {Elsevier}
}

@Article{schwartzkopff2002ader,
  Title                    = {ADER: A high-order approach for linear hyperbolic systems in 2D},
  Author                   = {Schwartzkopff, T and Munz, Claus-Dieter and Toro, Eleuterio F},
  Journal                  = {Journal of Scientific Computing},
  Year                     = {2002},
  Number                   = {1-4},
  Pages                    = {231--240},
  Volume                   = {17},

  Publisher                = {Springer}
}

@Article{Senior1960,
  Title                    = {Impedance boundary conditions for imperfectly conducting surfaces},
  Author                   = {Senior, T. B. A.},
  Journal                  = {Applied Scientific Research, Section B},
  Year                     = {1960},

  Month                    = {Dec},
  Number                   = {1},
  Pages                    = {418},
  Volume                   = {8},

  Day                      = {01},
  Doi                      = {10.1007/BF02920074},
  ISSN                     = {0365-7140},
  Url                      = {https://doi.org/10.1007/BF02920074}
}

@Article{4020422,
  Title                    = {A Novel Miniature Broadband/Multiband Antenna Based on an End-Loaded Planar Open-Sleeve Dipole},
  Author                   = {T. G. Spence and D. H. Werner},
  Journal                  = {IEEE Transactions on Antennas and Propagation},
  Year                     = {2006},

  Month                    = {Dec},
  Number                   = {12},
  Pages                    = {3614-3620},
  Volume                   = {54},

  Doi                      = {10.1109/TAP.2006.886493},
  ISSN                     = {0018-926X},
  Keywords                 = {antenna theory;broadband antennas;dipole antennas;genetic algorithms;multifrequency antennas;planar antennas;ELPOSD;VSWR;broadband antenna;degree of miniaturization;end-loaded planar open-sleeve dipole antenna;genetic algorithm;multiband antenna;Antenna measurements;Bandwidth;Broadband antennas;Coaxial components;Dipole antennas;Dual band;Feeds;Genetic algorithms;Geometry;Loaded antennas;Broadband antennas;genetic algorithms (GAs);open-sleeve dipole;printed antennas;small antennas},
  Owner                    = {bruno},
  Timestamp                = {2018.07.03}
}

@InProceedings{Strohmaier:2006:TS:1188455.1188474,
  Title                    = {TOP500 Supercomputer},
  Author                   = {Strohmaier, Erich},
  Booktitle                = {Proceedings of the 2006 ACM/IEEE Conference on Supercomputing},
  Year                     = {2006},

  Address                  = {New York, NY, USA},
  Publisher                = {ACM},
  Series                   = {SC '06},

  Acmid                    = {1188474},
  Articleno                = {18},
  Doi                      = {10.1145/1188455.1188474},
  ISBN                     = {0-7695-2700-0},
  Location                 = {Tampa, Florida},
  Owner                    = {bruno},
  Timestamp                = {2018.07.18},
  Url                      = {http://doi.acm.org/10.1145/1188455.1188474}
}

@PhdThesis{strub:tel-01651258,
  Title                    = {{Résolution des équations de Maxwell tridimensionnelles instationnaires sur architecture massivement multicœur}},
  Author                   = {Strub, T.},
  School                   = {{Universit{\'e} de Strasbourg}},
  Year                     = {2015},
  Month                    = Mar,
  Type                     = {Theses},

  File                     = {strub_thomas_2015_ED269.pdf:https\://tel.archives-ouvertes.fr/tel-01651258/file/strub_thomas_2015_ED269.pdf:PDF},
  Hal_id                   = {tel-01651258},
  Hal_version              = {v1},
  Keywords                 = {Parallelization ; Maxwell equations ; Discontinuous Galerkin ; Galerkin Discontinue ; {\'E}quations de Maxwell ; OpenCL ; MPI ; Parall{\'e}lisation},
  Number                   = {2015STRAD050},
  Url                      = {https://tel.archives-ouvertes.fr/tel-01651258}
}

@Article{Sullivan594858,
  Title                    = {An unsplit step 3-D PML for use with the FDTD method},
  Author                   = {Sullivan, D. M.},
  Journal                  = {IEEE Microwave and Guided Wave Letters},
  Year                     = {1997},

  Month                    = {Jul},
  Number                   = {7},
  Pages                    = {184-186},
  Volume                   = {7},

  Doi                      = {10.1109/75.594858},
  ISSN                     = {1051-8207},
  Keywords                 = {Maxwell equations;electromagnetic field theory;electromagnetic wave absorption;finite difference time-domain analysis;FDTD method;absorbing boundary condition;finite-difference time-domain method;perfectly matched layer;unsplit step 3D PML;Boundary conditions;Dielectric constant;Equations;Finite difference methods;Impedance;Magnetic fields;Perfectly matched layers;Permeability;Supercomputers;Time domain analysis}
}

@Book{taflove2005computational,
  Title                    = {Computational Electrodynamics: The Finite-difference Time-domain Method},
  Author                   = {Taflove, A. and Hagness, S.C.},
  Publisher                = {Artech House},
  Year                     = {2005},
  Series                   = {Artech House Antennas and Prop},

  ISBN                     = {9781580538329},
  Lccn                     = {2005045273},
  Url                      = {https://books.google.fr/books?id=n2ViQgAACAAJ}
}

@Article{articleLTCC,
  Title                    = {Antenna in LTCC Technologies: A Review and the Current State of the Art},
  Author                   = {Ullah, Ubaid and Mahyuddin, Nor and Ahmad, Zainal and Zaid Abdullah, Mohd and Marzuki, Arjuna},
  Year                     = {2015},

  Month                    = {04},
  Pages                    = {241-260},
  Volume                   = {57},

  Booktitle                = {Antennas and Propagation Magazine, IEEE},
  Owner                    = {bruno},
  Timestamp                = {2018.07.19}
}

@Article{warburton2008taming,
  Title                    = {Taming the CFL number for discontinuous Galerkin methods on structured meshes},
  Author                   = {Warburton, Timothy and Hagstrom, Thomas},
  Journal                  = {SIAM Journal on Numerical Analysis},
  Year                     = {2008},
  Number                   = {6},
  Pages                    = {3151--3180},
  Volume                   = {46},

  Publisher                = {SIAM}
}

@TechReport{prace_whitepaper,
  Title                    = {SHAPE Project AXESSIM - CINES Partnership: HPC for connected objects.},
  Author                   = {Weber, B. and Girard, C. and Cirou, B. and Cameo ponz, V.},
  Year                     = {2018},

  Owner                    = {bruno},
  Timestamp                = {2018.07.19}
}

@InProceedings{weber:hal-01666352,
  Title                    = {{Optimization of a Discontinuous Galerkin algorithm in OpenCL applied to electromagnetism simulation}},
  Author                   = {Weber, Bruno and Helluy, Philippe and Strub, Thomas},
  Booktitle                = {{NUMELEC 2017 - 9th European Conference on Numerical Methods in Electromagnetics}},
  Year                     = {2017},

  Address                  = {Paris, France},
  Month                    = Nov,
  Pages                    = {1-2},

  Hal_id                   = {hal-01666352},
  Hal_version              = {v1},
  Owner                    = {bruno},
  Pdf                      = {https://hal.archives-ouvertes.fr/hal-01666352/file/numelec_V2_fix2.pdf},
  Timestamp                = {2018.07.19},
  Url                      = {https://hal.archives-ouvertes.fr/hal-01666352}
}

@Article{Wrenger999615,
  Title                    = {Numerical reflection from FDTD-PMLs: a comparison of the split PML with the unsplit and CFS PMLs},
  Author                   = {Wrenger, J. P.},
  Journal                  = {IEEE Transactions on Antennas and Propagation},
  Year                     = {2002},

  Month                    = {Mar},
  Number                   = {3},
  Pages                    = {258-265},
  Volume                   = {50},

  Doi                      = {10.1109/8.999615},
  ISSN                     = {0018-926X},
  Keywords                 = {electromagnetic wave absorption;electromagnetic wave reflection;finite difference time-domain analysis;CFS PML;FDTD method;FDTD-PML;absorbing boundary conditions;complex frequency shifted PML;evanescent waves reflection;finite-difference time-domain method;numerical reflection;perfectly matched layer;split PML;spurious reflection;unsplit PML;Boundary conditions;Difference equations;Finite difference methods;Finite element methods;Frequency;Perfectly matched layers;Reflection;Tellurium;Time domain analysis;Two dimensional displays}
}



@article{munz2000divergence,
  title={Divergence correction techniques for Maxwell solvers based on a hyperbolic model},
  author={Munz, C-D and Omnes, Pascal and Schneider, Rudolf and Sonnendr{\"u}cker, Eric and Voss, Ursula},
  journal={Journal of Computational Physics},
  volume={161},
  number={2},
  pages={484--511},
  year={2000},
  publisher={Elsevier}
}
@inproceedings{augonnet2012starpu,
  title={StarPU-MPI: Task programming over clusters of machines enhanced with accelerators},
  author={Augonnet, C{\'e}dric and Aumage, Olivier and Furmento, Nathalie and Namyst, Raymond and Thibault, Samuel},
  booktitle={European MPI Users' Group Meeting},
  pages={298--299},
  year={2012},
  organization={Springer}
}
@article{augonnet2011starpu,
  title={StarPU: a unified platform for task scheduling on heterogeneous multicore architectures},
  author={Augonnet, C{\'e}dric and Thibault, Samuel and Namyst, Raymond and Wacrenier, Pierre-Andr{\'e}},
  journal={Concurrency and Computation: Practice and Experience},
  volume={23},
  number={2},
  pages={187--198},
  year={2011},
  publisher={Wiley Online Library}
}
@incollection{helluy2016asynchronous,
  title={Asynchronous OpenCL/MPI numerical simulations of conservation laws},
  author={Helluy, Philippe and Strub, Thomas and Massaro, Michel and Roberts, Malcolm},
  booktitle={Software for Exascale Computing-SPPEXA 2013-2015},
  pages={547--565},
  year={2016},
  publisher={Springer}
}
@article{geuzaine2009gmsh,
  title={Gmsh: A 3-D finite element mesh generator with built-in pre-and post-processing facilities},
  author={Geuzaine, Christophe and Remacle, Jean-Fran{\c{c}}ois},
  journal={International journal for numerical methods in engineering},
  volume={79},
  number={11},
  pages={1309--1331},
  year={2009},
  publisher={Wiley Online Library}
}

@article{SZEPESSY1,
	author = {JAFFRE, J. and JOHNSON, C. and SZEPESSY, A.},
	title = {CONVERGENCE OF THE DISCONTINUOUS GALERKIN FINITE ELEMENT METHOD FOR HYPERBOLIC CONSERVATION LAWS},
	journal = {Mathematical Models and Methods in Applied Sciences},
	volume = {05},
	number = {03},
	pages = {367-386},
	year = {1995},
	doi = {10.1142/S021820259500022X},
	URL = {https://doi.org/10.1142/S021820259500022X},
	eprint = {https://doi.org/10.1142/S021820259500022X}
}
