@phdthesis{strub2015resolution,
  title={R{\'e}solution num{\'e}rique des {\'e}quations de Maxwell tridimensionnelles instationnaires sur architecture massivement multicoeur},
  author={Strub, Thomas},
  year={2015},
  school={PhD thesis, University of Strasbourg}
}

@article{klockner2009nodal,
  title={Nodal discontinuous Galerkin methods on graphics processors},
  author={Kl{\"o}ckner, Andreas and Warburton, Tim and Bridge, Jeff and Hesthaven, Jan S},
  journal={Journal of Computational Physics},
  volume={228},
  number={21},
  pages={7863--7882},
  year={2009},
  publisher={Elsevier}
}
@article{cohen2006spatial,
  title={A spatial high-order hexahedral discontinuous Galerkin method to solve Maxwell's equations in time domain},
  author={Cohen, Gary and Ferrieres, Xavier and Pernet, S{\'e}bastien},
  journal={Journal of Computational Physics},
  volume={217},
  number={2},
  pages={340--363},
  year={2006},
  publisher={Elsevier}
}
@inproceedings{cosnard1995automatic,
  title={Automatic task graph generation techniques},
  author={Cosnard, Michel and Loi, Michel},
  booktitle={System Sciences, 1995. Proceedings of the Twenty-Eighth Hawaii International Conference on},
  volume={2},
  pages={113--122},
  year={1995},
  organization={IEEE}
}
@article{cosnard1999compact,
  title={Compact DAG representation and its dynamic scheduling},
  author={Cosnard, Michel and Jeannot, Emmanuel},
  journal={Journal of Parallel and Distributed Computing},
  volume={58},
  number={3},
  pages={487--514},
  year={1999},
  publisher={Elsevier}
}
@article{augonnet2011starpu,
  title={StarPU: a unified platform for task scheduling on heterogeneous multicore architectures},
  author={Augonnet, C{\'e}dric and Thibault, Samuel and Namyst, Raymond and Wacrenier, Pierre-Andr{\'e}},
  journal={Concurrency and Computation: Practice and Experience},
  volume={23},
  number={2},
  pages={187--198},
  year={2011},
  publisher={Wiley Online Library}
}