@inproceedings{helluy2015asynchronous,
  title={Asynchronous OpenCL/MPI numerical simulations of conservation laws},
  author={Helluy, Philippe and Strub, Thomas and Massaro, Michel and Roberts, Malcolm},
  booktitle={Proceedings of the 3rd International Workshop on OpenCL},
  pages={4},
  year={2015},
  organization={ACM}
}

@inproceedings{shen2012performance,
  title={Performance gaps between OpenMP and OpenCL for multi-core CPUs},
  author={Shen, Jie and Fang, Jianbin and Sips, Henk and Varbanescu, Ana Lucia},
  booktitle={2012 41st International Conference on Parallel Processing Workshops},
  pages={116--125},
  year={2012},
  organization={IEEE}
}