@article{Chacon_2008,
author={Chac\`on,L.},
title={An optimal, parallel, fully implicit {N}ewton-{K}rylov solver for three-dimensional viscoresistive magnetohydrodynamics},
year={2008},
journal={Physics of plasmas}
}

@book{Schnack_2009,
author={Schnack,D.D.},
title={Lectures in {M}agnetohydrodynamics : {W}ith an {A}ppendix on {E}xtended {MHD}}, 
publisher={Lect. Notes Phys. 780 (Springer, Berlin Heidelberg)},
year={2009}
}